@article{丁玮1998数字图像变换及信息隐藏与伪装技术,
  title={数字图像变换及信息隐藏与伪装技术},
  author={丁玮 and 齐东旭},
  journal={计算机学报},
  volume={21},
  number={9},
  pages={838--843},
  year={1998}
}

@article{陈波2005信息隐藏技术综述,
  title={信息隐藏技术综述},
  author={陈波 and 谭运猛 and 吴世忠},
  journal={计算机与数字工程},
  volume={33},
  number={2},
  pages={21--23},
  year={2005}
}